% scibib.bib

% This is the .bib file used to compile the document "A simple Science
% template" (scifile.tex).  It is not intended as an example of how to
% set up your BibTeX file.

@bool{GNT,
    Author = {M. Ghallab and D. Nau and P. Traverso},
	Title = {Automated planning theory and practice},
	Publisher = {Elsevier},
	Year = {2008}
}







